<record xmlns="http://www.loc.gov/MARC21/slim" xmlns:xsi="http://www.w3.org/2001/XMLSchema-instance" xsi:schemaLocation="http://www.loc.gov/MARC21/slim http://www.loc.gov/standards/marcxml/schema/MARC21slim.xsd">

  <leader>00499nam a2200157Ia 4500</leader>
  <datafield ind2=" " tag="999" ind1=" ">
    <subfield code="c">1653</subfield>
    <subfield code="d">1653</subfield>
  </datafield>
  <controlfield tag="008">180320b1998    cr ||||| |||| 00| | spa d</controlfield>
  <datafield tag="090" ind2=" " ind1=" ">
    <subfield code="a">06.02.04 </subfield>
    <subfield code="b">602</subfield>
  </datafield>
  <datafield ind1="1" tag="100" ind2=" ">
    <subfield code="a">Venegas Renauld, María Eugenia</subfield>
    <subfield code="9">560</subfield>
  </datafield>
  <datafield ind1="1" ind2="0" tag="245">
    <subfield code="a">Educación desarrollo e investigación educativa en América Latina</subfield>
  </datafield>
  <datafield ind1=" " ind2=" " tag="260">
    <subfield code="a">San José, Costa Rica : </subfield>
    <subfield code="b">M.E. Venegas R., </subfield>
    <subfield code="c">1998</subfield>
  </datafield>
  <datafield ind2=" " tag="300" ind1=" ">
    <subfield code="a">100 páginas</subfield>
  </datafield>
  <datafield tag="650" ind2="4" ind1="1">
    <subfield code="a">POLÍTICA EDUCATIVA</subfield>
    <subfield code="9">451</subfield>
  </datafield>
  <datafield ind2="4" tag="650" ind1="1">
    <subfield code="a">FORMACIÓN DE DOCENTES</subfield>
    <subfield code="9">9</subfield>
  </datafield>
  <datafield tag="650" ind2="4" ind1="1">
    <subfield code="a">INVESTIGACIÓN EDUCATIVA</subfield>
    <subfield code="9">326</subfield>
  </datafield>
  <datafield ind2="4" tag="650" ind1="1">
    <subfield code="a">DESARROLLO DE LA EDUCACIÓN</subfield>
    <subfield code="9">24</subfield>
  </datafield>
  <datafield ind1=" " ind2=" " tag="942">
    <subfield code="2">z</subfield>
    <subfield code="c">01</subfield>
  </datafield>
</record>